@inproceedings{llda,
      author =   "Daniel Ramage and David Hall and Ramesh Nallapati and Christopher Manning",
      title =    "Labeled LDA: A supervised topic model for credit attribution in multi-labeled corpora",
      journal =      "EMNLP'09: Proceedings of the Conference on Empirical Methods in Natural Language Processing",
      pages   =      {248--256},
      year =     2009
}

@article{lin-et-al2006,
   author = "Wei-Hao Lin and Theresa Wilson and Janyce Wiebe and Alexander Hauptmann",
   title = "Which side are you on? Identifying perspectives at the document and sentence levels",
   journal = "CoNLL'06: Proceedings of the Conference on Natural Language Learning (CoNLL)",
   year = 2006
}

@article{efron,
  author = "Miles Efron",
  title = "Cultural orientation: Classifying subjective documents by cociation analysis",
  journal = "Proceedings of the AAAI Fall Symposium on Style and Meaning in Language, Art, Music, and Design",
  pages = "41-48",
  year = 2004
}

@article{DBLP:journals/tse/ChidamberK94,
    author    = {Shyam R. Chidamber and Chris F. Kemerer},
    title     = {A Metrics Suite for Object Oriented Design.},
    journal   = {IEEE Trans. Software Eng.},
    volume    = {20},
    number    = {6},
    year      = {1994},
    pages     = {476-493},
    ee        = {http://www.computer.org/tse/ts1994/e0476abs.htm},
    bibsource = {DBLP, http://dblp.uni-trier.de}
}

@Phdthesis{flach2004,
	author={Christina von Flach Garcia Chavez},
	title={Um {Enfoque} baseado em {Modelos} para o {Design} {Orientado} a {Aspectos}},
	school={Pontifícia Universidade Católica do Rio de Janeiro},
    address={Rio de Janeiro},
    month={abril},
	year={2004},
}

@Mastersthesis{mono-puc,
	author={Pedro Oguri},
	title={Aprendizado de Maquina para o Problema de Sentiment Classification},
	school={Pontificia Universidade Catolica do Rio de Janeiro},
    address={Rio de Janeiro},
	year={2006},
}

@Techreport{amr,
	author={Arie van Deursen and Marius Marin and Leon Moonen},
	title={Aspect Mining and Refactoring},
	school={Delft University of Technology},
        note={Software Evolution Research Laboratory},
	year={2003},
}

@Techreport{reis2004,
       title={Implementando Métricas para Medição de Código Fonte usando JAVACC},
       author={Marcelo Luis Boudoux Reis and Glauco de Figueiredo Carneiro},
       year=2004,
       month="Novembro",
       school={Universidade Salvador},
}

@Techreport{monteiro2004,
	author={Miguel Pessoa Monteiro},
	title={Catalogue of Refactorings for AspectJ},
	school={Universidade do Minho},
        address={Campus de Gualtar, 4710-057, Braga Portugal},
	year={2004},
}

@Article{aop,
	author = "Tzilla Elrad and Robert E. Filman and Atef Bader", 
	title  = "Aspect-Oriented Programming", 
	journal = "CACM: Communications of ACM", 
	volume = "44", 
	number = "10", 
	pages =		  {29--32}, 
	month = "October", 
	year =         2001, 
	url =  "citeseer.ist.psu.edu/elrad01aspectoriented.html"
}
@Book{buschmann1996,
	author =       "Frank Buschmann and Regine Meunier and Hans Rohnert and Peter Sommerlad and Michael Stal and Peter Sommerlad and Michael Sta",
	title =        "Pattern-Oriented Software Architecture, Volume 1: A System of Patterns",
	publisher =    "John Wiley e Sons Ltd.",
	year =         1996,
        pages= 476
}

@Book{bishop,
         author = "Christopher Bishop",
         title = "Pattern Recognition and Machine Learning",
         publisher = "Springer",
         isbn = 0387310738,
         year = 2006
}  

@techreport{gibbs,
               author = "Philip Resnik and Eric Hardisty",
               title = "Gibbs Sampling for the Uninitiated",
               institution = "University of Maryland",
               month = "Abril",
               year = 2010,
               url = "http://hdl.handle.net/1903/10058"
}

@techreport{gibbs-lingpipe,
             author = "Bob Carpenter",
             title = "Integrating out multinomial parameters in latent Dirichlet allocation and naive Bayes for collapsed Gibbs sampling",
             institution = "LingPipe",
             year = 2010,
             url = "http://lingpipe-blog.com/2010/07/13/collapsed-gibbs-sampling-for-lda-bayesian-naive-bayes/"
}
   
@Book{stanford-IRbook,
        author = "Christopher Manning and Prabhakar Raghavan and Hinrich Schütze",
        title = "Introduction to Information Retrieval",
        publisher = "Cambridge University Press",
        year = 2008,
        isbn = 0521865719
}

@article{pnas,
    author    = "Thomas L. Griffiths and Mark Steyvers",
    title = "Finding Scientific Topics",
    journal = "Proceedings of the National Academy of Sciences",
    volume = "101",
    pages = {5228--5235},
    month = "Abril",
    year  = 2004
}


@Book{beck2000,
	author =       "Kent Beck",
	title =        "Extreme Programming Explained: Embrace Change",
	publisher =    "Addison-Wesley",
	year =         2000
}

@Book{mcCabe,
	author =       "Norman E Fenton and Shari Lawrence Pfleeger",
	title =        "Software metrics : a rigorous and practical approach",
	publisher =    "London ; Boston : PWS Pub.",
	isbn = 1850322759,
	year =         1997
}

@Book{kerievsky2004,
	author =       "Joshua Kerievsky",
	title =        "Refactoring to Patterns",
	publisher =    "Addison-Wesley",
	isbn = 0321213351,
	pages = 400,
	month = "agosto",
	year =         2004
}

@Book{fowler2000,
	author =       "Martin Fowler and Kent Beck and John Brant and William Opdyke and Don Roberts",
	title =        "Refactoring: Improving the Design of Existing Code",
	publisher =    "Addison-Wesley",
	year =         2000
} 


@Misc{aosd,
      title = "{Aspect}-Oriented Software Development",
      url= "http://aosd.net/",

      year= 2005,
      note = "Último acesso em 28 de Fevereiro de 2005"
}

@Misc{refaces,
      author="Mauricio Bomfim Cruz Vieira",
      title = "{Refaces}: refactoring to aspects",
      url= "http://refaces.tigris.org/",
      year= 2005,
      note = "Último acesso em 28 de Fevereiro de 2005"
}


@Misc{WASP,
	  title = "{I} {Workshop} Brasileiro de Desenvolvimento de Software Orientado a Aspectos",
      year= 2005,
	  url = "http://www.dcc.ufba.br/wasp2004",
      note = "Último acesso em 28 de Fevereiro de 2005"
}

@Misc{java,
	  title = "{The} Source for Java Technology",
      year= 2005,
	  url = "http://java.sun.com",
          note = "Último acesso em 28 de Fevereiro de 2005"
}

@Misc{AspectBrowser,
      year= 2005,
	  title = "{AspectBrowser} for Eclipse",
	  url = "http://www.cs.ucsd.edu/users/wgg/Software/AB/",
          note = "Último acesso em 28 de Fevereiro de 2005"
}

@Misc{Eclipse,
      year= 2005,
	  title = "{Eclipse} IDE Project",
	  url = "http://eclipse.org",
          note = "Último acesso em 28 de Fevereiro de 2005"
}

@Misc{aspectj,
      year= 2005,
	  title = "{AspectJ} Project",
	  url = "http://aspectj.org",
          note = "Último acesso em 28 de Fevereiro de 2005"
}

@Misc{FEAT,
      year= 2005,
	author =       "Martin Robillard",
	title =        "Feature Exploration \& Analisys Tool",
	url =          "http://www.cs.ubc.ca/labs/spl/projects/feat/",
	note =         "Último acesso em 28 de Fevereiro de 2005"
}

@Misc{jUnitDoclet,
	title =        "{jUnitDoclet} test generation tool",
	url =          "http://jUnitDoclet.org",
	note =         "Último acesso em 28 de Fevereiro de 2005"
}

@Misc{jUnit,
	title =        "{jUnit} Framework",
	url =          "http://jUnit.org",
	note =         "Último acesso em 28 de Fevereiro de 2005"
}

@Misc{amphibian,
	title =        "Amphibian Game Engine Framework",
	url =          "http://amphibian.sourceforge.net",
	note =         "Último acesso em 28 de Fevereiro de 2005"
}

@Misc{laddad2003,
	author =       "Ramnivas Laddad",
	title =        "Aspect Oriented Refactoring Series",
	url =          "http://www.theserverside.com",
	note =         "Último acesso em 28 de Fevereiro de 2005",
	year = 2003
}

@Article{fayad1997,
  author =       "Mohamed Fayad and Douglas C. Schmidt",
  title =        "Object Oriented Application Frameworks",
  journal =      "Communications of the ACM",
  volume=       40,
  number=       10,
  year =         1997
}

	
@book{aho,
 author = {Alfred V. Aho and Ravi Sethi and Jeffrey D. Ullman},
 title = {Compilers: principles, techniques, and tools},
 year = {1986},
 isbn = {0-201-10088-6},
 publisher = {Addison-Wesley Longman Publishing Co., Inc.},
 }

@book{tanenbaum,
 author = {Andrew S. Tanenbaum},
 title = {Modern operating systems},
 year = {1992},
 isbn = {0-13-588187-0},
 publisher = {Prentice-Hall, Inc.},
 }

@Book{ambler,
  author = 	 "Scott W. Ambler",
  title = 	  "Análise e Projeto Orientado a Objeto",
  publisher = 	 "IBPI Press",
  year = 	 1998,
  address = "Rio de Janeiro"
}

@Article{mmcpp,
  author = 	 "Nathan C. Mayers",
  title = 	 "Memory Management in {C++}",
  journal =  "C++ report",
  year = 	 1993
}

@article{dynload,
 author = {James Norton},
 title = {Dynamic Class Loading in C++},
 journal = {Linux Journal},
 volume = {2000},
 number = {73es},
 year = {2000},
 issn = {1075-3583},
 pages = {38},
 publisher = {Specialized Systems Consultants, Inc.},
}
  

@Article{allocators,
  author= "Matt Austern",
  title = "What Are Allocators Good For?",
  journal = "The C/C++ Users Journal",
  year = 2002,
  month = dec
}

@Misc{apache,
  title = "{Apache} HTTP Server Version 1.3 Developer Resources",
  url = "http://httpd.apache.org/dev",
  note = "Último acesso em 12 de Junho de 2003"
}

@Misc{java,
  title = "{The} Source for Java Technology",
  url = "http://java.sun.com",
  note = "Último acesso em 12 de Junho de 2003"
}

@Misc{jsp,
  title = "JavaServer Pages Technology",
  url = "http://java.sun.com/products/jsp/",
  note = "Último acesso em 12 de Junho de 2003"
}

@Misc{php,
  title = "{PHP} Hypertext Preprocessor",
  url = "http://www.php.net",
  note = "Último acesso em 12 de Junho de 2003"
}

@Misc{sf,
  title = "{SourceForge}.net",
  url = "http://sourceforge.net/",
  note = "Último acesso em 12 de Junho de 2003"
}

@Misc{gpl,
  title = "{The} GNU General Public License",
  url = "http://www.gnu.org/licenses/gpl.html",
  note = "Último acesso em 12 de Junho de 2003"
}

@Misc{huston,
  title = "Huston Design Patterns",
  author = "Vince Huston",
  url = "http://home.earthlink.net/~huston2/dp/patterns.html",
  note = "Último acesso em 12 de Junho de 2003"
}

@Book{GoF,
  title = "Design Patterns: Elements of Reusable Object-Oriented Software",
  author = "Erich Gamma and Richard Helm and Ralph Johnson and John Vlissides",
  publisher = "Addison Wesley",
  address = "Reading, MA",
  year = 1995
}
  

@Misc{tplusplus,
  title = "{Sítio} web do projeto T++",
  url = "http://tplusplus.sourceforge.net/",
  note = "Último acesso em 12 de Junho de 2003"
}

@Misc{webservices,
  publisher = {Sun Microsystems},
  title = {{The} Java WebServices Tutorial},
  url = "http://java.sun.com/webservices/docs/1.1/tutorial/doc/"
}

@Misc{rfc-http,
  publisher = {Internet Society},
  title = {{Hypertext} Transfer Protocol Specification -- HTTP/1.1},
  url = "ftp://ftp.rfc-editor.org/in-notes/rfc2616.txt"
}

@InProceedings{webmidia2003,
  title = "The {T++} {Approach} to {Web} {Application} {Development}",
  author = "Terceiro, Antonio Soares de Azevedo and Chavez, Christina von Flach Garcia",
  booktitle = "Anais do Simpósio Brasileiro de Sistemas Multimídia e Web -- Workshop de Ferramentas e Aplicações",
  year = 2003,
  publisher = "Sociedade Brasileira de Computação",
  address = "Salvador",
  url = "http://twiki.im.ufba.br/pub/Aside/NossasPublicacoes/webmidia2003-terceiro.pdf"
}

@misc{patternsconcepts,
  title = "Patterns and Software: Essential Concepts and Terminology",
  author = "Brad Appleton",
  url = "http://www.cmcrossroads.com/bradapp/docs/patterns-intro.html"
}

@article{riehle96understanding,
    author = "Dirk Riehle and Heinz Zullighoven",
    title = "Understanding and Using Patterns in Software Development",
    journal = "Theory and Practice of Object Systems",
    volume = "2",
    number = "1",
    pages = "3-13",
    year = "1996",
    url = "citeseer.nj.nec.com/riehle96understanding.html"
}


@inproceedings{srcoopsla2003,
 author = {Antonio Soares de Azevedo Terceiro},
 title = {Issues on {Building} {T++}, a {Tool} for {Web} {Application} {Development} with {C++}},
 booktitle = {Companion of the 18th annual ACM SIGPLAN conference on Object-oriented programming, systems, languages, and applications},
 year = {2003},
 isbn = {1-58113-751-6},
 pages = {394--395},
 location = {Anaheim, CA, USA},
 doi = {http://doi.acm.org/10.1145/949344.949452},
 publisher = {ACM Press},
 }

@inproceedings{demooopsla2003,
 author = {Antonio Soares de Azevedo Terceiro and Christina von Flach G. Chavez},
 title = {Issues on {Building} {T++}: a {Tool} for {Web} {Application} {Development} with {C++}},
 booktitle = {Companion of the 18th annual ACM SIGPLAN conference on Object-oriented programming, systems, languages, and applications},
 year = {2003},
 isbn = {1-58113-751-6},
 pages = {106--107},
 location = {Anaheim, CA, USA},
 doi = {http://doi.acm.org/10.1145/949344.949372},
 publisher = {ACM Press},
 } 
